@book{nisar_2019_market,
  author = {Nisar, Hiren and Vachon, Mallory and Horseman, Charles},
  month = {03},
  title = {Market Predictors of Homelessness},
  year = {2019}
}

@book{james_2023_an,
  author = {James, Gareth and Witten, Daniela and Hastie, Trevor and Tibshirani, Robert and Taylor, Jonathan},
  month = {08},
  publisher = {Springer Nature},
  title = {An Introduction to Statistical Learning},
  year = {2023}
}

@misc{halpert_2023_cphalpertcensusregions,
  author = {Halpert, Chris},
  month = {12},
  title = {cphalpert/census-regions},
  url = {https://github.com/cphalpert/census-regions/tree/master},
  urldate = {2024-03-13},
  year = {2023},
  organization = {GitHub}
}